<record><leader>00000cas a22000007a 4500</leader><controlfield tag="001">14115933</controlfield><controlfield tag="008">860820d19701972mtuwr ne      0    0eng d</controlfield><datafield ind1=" " ind2=" " tag="010"><subfield code="a">sn 86075297 </subfield></datafield><datafield ind1=" " ind2=" " tag="040"><subfield code="a">MTL</subfield><subfield code="b">eng</subfield><subfield code="c">MTL</subfield><subfield code="d">OCLCQ</subfield></datafield><datafield ind1=" " ind2=" " tag="042"><subfield code="a">msc</subfield></datafield><datafield ind1="0" ind2="4" tag="245"><subfield code="a">The Ronan pioneer and Hot Springs citizen.</subfield></datafield><datafield ind1=" " ind2=" " tag="260"><subfield code="a">Ronan, Mont. :</subfield><subfield code="b">R.M. Loman,</subfield><subfield code="c">1970-1972.</subfield></datafield><datafield ind1=" " ind2=" " tag="300"><subfield code="a">2 v. :</subfield><subfield code="b">ill.</subfield></datafield><datafield ind1=" " ind2=" " tag="310"><subfield code="a">Weekly</subfield></datafield><datafield ind1="0" ind2=" " tag="362"><subfield code="a">Vol. 51 [i.e. 61], no. 23 (Aug. 6, 1970)-v. 63, no. 14 (June 1, 1972).</subfield></datafield><datafield ind1=" " ind2=" " tag="580"><subfield code="a">Formed by the union of: Ronan pioneer (Ronan, Mont. : 1910), and: Hot Springs citizen.</subfield></datafield><datafield ind1=" " ind2=" " tag="752"><subfield code="a">United States</subfield><subfield code="b">Montana</subfield><subfield code="c">Lake</subfield><subfield code="d">Ronan.</subfield></datafield><datafield ind1="1" ind2="4" tag="780"><subfield code="t">Ronan pioneer (Ronan, Mont. : 1910)</subfield><subfield code="w">(DLC)sn 86075298</subfield></datafield><datafield ind1="1" ind2="4" tag="780"><subfield code="t">Hot Springs citizen</subfield><subfield code="w">(DLC)sn 84036105</subfield></datafield><datafield ind1="0" ind2="0" tag="785"><subfield code="t">Ronan pioneer (Ronan, Mont. : 1972)</subfield><subfield code="w">(DLC)sn 79002660</subfield></datafield></record>